@misc{digix,
	title = {Digix Platform},
	howpublished = {https://www.dgx.io},
	note = {Accessed: 2016-08-26}
}

@misc{t0,
	title = {t0},
	howpublished = {https://t0.com/home},
	note = {Accessed: 2016-08-26}
}

@misc{string:technology,
	title = {String Technology},
	howpublished = {http://string.technology/},
	note = {Accessed: 2016-08-26}
}

@misc{btcrelay,
	title = {\text{BTC Relay}},
	howpublished = {http://btcrelay/},
	note = {Accessed: 2016-08-26}
}

@Misc{makerdao,
	Note = {{https://makerdao.com/dai02.pdf/}},
	author = {Nikolai Mushegian et al.},
	title = {{The Dai Credit System}},
	Note = {Version 0.2}
	year = {{2015}},
}

@Misc{yellow,
	Note = {{http://gavwood.com/paper.pdf/}},
	author = {Dr. Gavin Wood},
	title = {{Ethereum: A Secure Decentralised Generalised Transaction Ledger}},
	Note = {Homestead Draft}
	year = {{2016}},
}

@misc{ethereum,
	title = {Ethereum Platform},
	howpublished = {https://ethereum.org/},
	note = {Accessed: 2016-08-26}
}

@misc{ethereumclassic,
	title = {Ethereum Classic},
	howpublished = {https://ethereumclassic.github.io/},
	note = {Accessed: 2016-08-26}
}

@misc{augur,
	title = {Augur - Decentralized Prediction Market},
	howpublished = {http://www.augur.net/},
	note = {Accessed: 2016-08-26}
}

@misc{etherex,
	title = {EtherEx - Decentralized Exchange},
	howpublished = {https://etherex.org/},
	note = {Accessed: 2016-08-26}
}

@misc{maker-otc,
	title = {Maker OTC Market},
	howpublished = {http://makerdao.github.io/maker-otc/},
	note = {Accessed: 2016-08-26}
}

@misc{tokenstandard,
	title = {Ethereum - Token standard},
	howpublished = {https://github.com/ethereum/EIPs/issues/20},
	note = {Accessed: 2016-08-26}
}

@misc{bailinsch,
	title = {Beteiligung der Gläubiger an der Bankenrettung},
	howpublished = {{https://www.finma.ch/de/ueberwachung/banken-und-effektenhaendler/aufsichtsinstrumente/stabilisierungs-und-abwicklungsplanung/kapitalmassnahmen/}},
	note = {Accessed: 2016-08-26}
}

@misc{bailinseu,
	title = {Deal reached on bank “bail-in directive”},
	howpublished = {{http://www.europarl.europa.eu/news/en/news-room/20131212IPR30702/Deal-reached-on-bank-\%E2\%80\%9Cbail-in-directive\%E2\%80\%9D}},
	note = {Accessed: 2016-08-26}
}

@misc{kpmg,
	title = {Hedge Fund cost survey},
	howpublished = {{https://www.altassets.net/pdfs/KPMG\%20Hedge
	\%20Fund\%20Survey\_Sept2008.pdf}},
	note = {Accessed: 2016-08-26}
}

@Article{mitstudy,
	author = {Wei, Pan and Altshuler, Yaniv and Pentland, Alex},
	title = {{Decoding Social Influence and the Wisdom of the
	Crowd in Financial Trading Network}},
	journal = {{MIT Media Lab}}
	year = {{2012}},
}